% This file was created with JabRef 2.10b2.
% Encoding: UTF-8


@Book{Royal:1997,
  author = 	 {Royall, R.},
  title = 	 {Statistical evidence},
  publisher = 	 {Chapman and Hall},
  OPTaddress = 	 {},
  year = 	 {1997},
}

@Manual{rootSolve:2009,
    title = {rootSolve: Nonlinear root finding, equilibrium and
      steady-state analysis of ordinary differential equations },
    year = {2009},
    author = {Soetaert, Karline },
    note = {{R} package 1.6},
}

@book{Toloi:2004,
	title = {Analise de Series Temporais},
	publisher = {Associação Brasileira de Estatística e Edgard Blücher},
	series = {Projeto Fisher},
	author = {Pedro Alberto Morettin & Clélia M. C. Toloi},
	year = {2004},
	pages = {544},
}

@Book{Colosimo:2006,
  Author         = {S R {Giolo} and E A {Colosimo}},
  Title          = {Análise de sobreviência aplicada},
  Publisher      = {Edgard Blucher},
  pages          = {392 $\,\!$},
  year           = 2006,
}

@Book{Carvalho:2011,
  Author         = {Marilia Sá Carvalho and Valeska Lima Andreozzi and
Claudia Torres Codeço and Dayse Pereira Campos and Maria Tereza Serrano
Barbosa and Silvia Emiko Shimakura},
  Title          = {Análise de Sobrevivência: teoria e aplicações em saúde},
  Edition        = {2},
  Publisher      = {Editora Fiocruz},
  pages          = {432 $\,\!$},
  year           = 2011,
}

@book{Pawitan:2001,
author = {Yudi Pawitan},
isbn = {0198507658},
pages = {544},
publisher = {Oxford University Press, USA},
title = {{In All Likelihood: Statistical Modelling and Inference Using Likelihood}},
url = {http://www.amazon.com/All-Likelihood-Statistical-Modelling-Inference/dp/0198507658},
year = {2001}
}

@book{Rizzo:2008,
  author = {Maria L. Rizzo},
  title = {Statistical Computing with {R}},
  publisher = {Chapman \& Hall/CRC},
  year = 2008,
  address = {Boca Raton, FL},
  isbn = {1-584-88545-9},
  publisherurl = {http://www.crcpress.com/shopping_cart/products/product_detail.asp?sku=C5459},
  abstract = {This book covers the traditional core material of
                  computational statistics, with an emphasis on using
                  the R language via an examples-based approach.
                  Suitable for an introductory course in computational
                  statistics or for self-study, it includes R code for
                  all examples and R notes to help explain the R
                  programming concepts.},
  orderinfo = {crcpress.txt}
}

@book{Aitkin:2010,
  author = {Murray Aitkin},
  title = {Statistical Inference. An integrated {B}ayesian Likelihood Approach},
  publisher = {Chapman \& Hall/CRC},
  year = 2010,
  address = {Boca Raton, FL},
}

@book{diggle:2003,
	edition = {2},
	title = {Statistical Analysis of Spatial Point Patterns},
	isbn = {0340740701},
	publisher = {Hodder Education Publishers},
	author = {Diggle, Peter J.},
	month = feb,
	year = {2003}
}

@Article{spatstat,
    title = {Spatstat: an {R} package for analyzing spatial point patterns},
    author = {Adrian Baddeley and Rolf Turner},
    journal = {Journal of Statistical Software},
    volume = {12},
    number = {6},
    pages = {1--42},
    year = {2005},
    note = {{ISSN} 1548-7660},
    url = {www.jstatsoft.org},
  }

@TechReport{Miyashiro:2008,
  author = 	 {Miyashiro, Eliane Shizue},
  title = 	 {Modelos de regressão beta e simplex para a análise de proporções.},
  institution =  {Universidade de São Paulo},
  year = 	 {2008},
  number = 	 {},
  address = 	 {São Paulo},
  note =         {}
}


@Article{Zeviani2014,
  Title   = {The Gamma-count distribution in the analysis of experimental underdispersed data},
  Journal = {Journal of Applied Statistic5s},
  Author  = {Zeviani, W. M. and {Ribeiro Jr}, P. J. and Bonat, 
            W. H. and Shimakura, S. E. and Muniz, J. A.},
  Volume  = {41},
  Number  = {12},
  Pages   = {2616--2626},
  Year    = {2014},
}

@Article{Bonat2016b,
	Title   = {Extended Poisson-Tweedie: properties and regression model for count data},
	Journal = {Arxiv},
	Author  = {Bonat, W. H. and J{\o}rgensen, B. and Kokonendji, C. C. andHinde, J. and D{\'e}metrio, C. G. B. },
	Volume  = {},
	Number  = {},
	Pages   = {},
  Year    = {2016},
}

@Article{Sellers2010,
  Title   = {A flexible regression model for count data},
  Journal = {Ann. Appl. Stat.},
  Author  = {Sellers, K. F. and Shmueli, G.},
  Volume  = {4},
  Number  = {2},
  Pages   = {943--961},
  Year    = {2010},
}

@Book{Winkelmann2003, 
  Title   = {Econometric {A}nalysis of {C}ount {D}ata},
  Author  = {Winkelmann, R.},
  Publisher ={Springer},
  Year    = {2003},
}

@Manual{R2015,
    Title = {R: A Language and Environment for Statistical Computing},
    Author = {{R Core Team}},
    Organization = {R Foundation for Statistical Computing},
    Address = {Vienna, Austria},
    Year = {2015},
    Note = {{ISBN} 3-900051-07-0},
  }
  
@Article{Jorgensen2004,
	Title = {Parameter orthogonality and bias adjustment for estimating functions},
	Author = {{J{\o}rgensen}, B. and Knudsen, S. J.},
	Journal = {Scandinavian Journal of Statistics},
	Number = {1},
	Volume = {31},
	Pages = {93--114},
	Year = {2004},
}

@Article{Bonat2016a,
	Author = {Bonat, W. H. and J{\o}rgensen, B.},
	Title = {Multivariate covariance generalized linear models},
	Journal = {Journal of the Royal Statistical Society: Series C (Applied Statistics)},
	Pages = {649--675},
	Volume = {65},
	Year = {2016},
}

@Article{Wedderburn1974,
    Author = {Wedderburn, R. W. M.}, 
    Title = {Quasi-likelihood functions, generalized linear models, and the Gauss—Newton method},
    Volume = {61}, 
    Number = {3}, 
    Pages = {439--447}, 
    Journal = {Biometrika},
    Year = {1974},
  }
  
@Misc{Bonat2016c,
	Title = {mcglm: Multivariate Covariance Generalized Linear Models},
	Author = {Bonat, W. H.},
	Year = {2016},
	Publisher = {GitLab},
	Journal = {Gitlab repository},
	Note = {{R} package version 0.3.0},
	Howpublished = {http://git.leg.ufpr.br/wbonat/mcglm},
}

@Article{Nelder1972,
    Title = {Generalized Linear Models},
    Author = {Nelder, J. A. and Wedderburn, R. W. M.},
    Journal = {Journal of the Royal Statistical Society. Series {A}},
    Volume = {135},
    Number = {3},
    Pages = {370--384},
    Year = {1972},
}
  
@Article{Jorgensen1987,
    Title = {Exponential dispersion models},
    Author = {J{\o}rgensen, Bent},
    Journal = {Journal of the Royal Statistical Society. Series B (Methodological)},
    Volume = {49},
    Number = {2},
    Pages = {127--162},
    Year = {1987},
}
  
@Book{Jorgensen1997,
    Title = {The {T}heory of {D}ispersion {M}odels},
    Author= {J{\o}rgensen, Bent },
    Publisher = {Chapman \& Hall, London},
    Year = {1997},
}

@Article{Jorgensen2014,
  Author={J{\o}rgensen, B. and Kokonendji, C.},
  Title={Discrete dispersion models and their {T}weedie asymptotics},
  Journal={AStA Advances in Statistical Analysis},
  Volume = {},
  Number = {},
  Pages={},
  Note = {in press},
  Year={2015},
}

@Article{DelCastillo1998,
  Author= {Del Castillo, Joan and P{\'e}rez-Casany, Marta},
  Title = {Weighted Poisson Distributions for Overdispersion and Underdispersion Situations},
  Journal = {Annals of the Institute of Statistical Mathematics},
  Volume = {50},
  Number = {3},
  Pages = {567--585},
  Year = {1998},
}

@Article{Winkelman1995,
  Author = {Winkelmann, R.},
  Title = {Duration Dependence and Dispersion in Count-Data Models},
  Journal = {Journal of Business \& Economic Statistics},
  Volume = {13},
  Number = {4},
  Pages = {467--474},
  Year = {1995},
}

@article{Shaarawi2011,
	title = {Modelling species abundance using the {P}oisson-{T}weedie family},
	author = {El-Shaarawi, A. H. and Zhu, R. and Joe, H.},
	journal = {Environmetrics},
	volume = {22},
	number = {2},
	pages = {152--164},
	year = {2011},
}

@article{Andersen2016,
	author = {Andersen, D. A and Bonat, W. H.},
	title = {Double Generalized Linear Compound Poisson models to Insurance Claims Data},
	journal = {ArXiv},
	pages = {},
	note = {to appear},
	year = {2016},
}

@article{Kokonendji2004,
	title = {Some discrete exponential dispersion models: {P}oisson-{T}weedie and {H}inde-{D}em\'etrio classes},
	author = {Kokonendji, C. C. and Dossou-Gb\'et\'e, S. and Dem\'etrio, C. G. B.},
	journal = {Statistics and Operations Research Transactions},
	volume = {28},
	number = {2},
	pages = {201--214},
	year = {2004},
}

@article{Esnaola2013, 
	author = {Esnaola, Mikel and Puig, Pedro and Gonzalez, David and Castelo, Robert and Gonzalez, Juan R.},
	title = {A flexible count data model to fit the wide diversity of expression 
		profiles arising from extensively replicated RNA-seq experiments},
	journal = {BMC Bioinformatics},
	volume = {14},
	number = {1},
	pages = {254--276},
	year = {2013},
}

@article{Barabesi2016,
	title = {The tempered discrete {L}innik distribution},
	author = {Barabesi, L. and Becatti, C. and Marcheselli, M.},
	journal = {ArXiv e-prints},
	eprint = {1605.02326},
	year = {2016},
}

@article{Sellers2012,
    author = {Sellers, Kimberly F. and Borle, Sharad and Shmueli, Galit},
    title = {The COM-Poisson model for count data: a survey of methods and applications},
    journal = {Applied Stochastic Models in Business and Industry},
    volume = {28},
    number = {2},
    pages = {104--116},
    year = {2012},
}

@Manual{Dunn2012,
    title = {compoisson: Conway-Maxwell-Poisson Distribution},
    author = {Jeffrey Dunn},
    year = {2012},
    note = {R package version 0.3},
    url = {https://CRAN.R-project.org/package=compoisson},
}

@book{Silvey:1975,
  title={Statistical Inference},
  author={Silvey, S.D.},
  series={Chapman and Hall/CRC Monographs on Statistics and Applied Probability},
  year={1975},
  publisher={Taylor and Francis}
} 

@article{Nelder:1965,
	title = {A {S}implex method for function minimization},
	author = {Nelder, J. A. and Mead, R.}, 
	journal = {The Computer Journal},
	anumber = {4}, 	
	volume = {7}, 
	pages = {308--313}, 
	year = {1965}, 
}

@Manual{bbmle:2014,
    title = {bbmle: Tools for general maximum likelihood estimation},
    author = {Ben Bolker and R Development Core Team},
    year = {2014},
    note = {R package version 1.0.17},
    url = {https://CRAN.R-project.org/package=bbmle},
  }
  
