@Article{scythe,
  author =      {Pemstein, D. and Quinn, K. M. and Martin, A. D.},
  title =      {The {S}cythe Statistical Library: An Open Source 
                  {C++} Library for Statistical Computation},
  journal =      {Journal of Statistical Software},
  year =      {2011},
  volume =      {42},
  number =      {12},
}



@book{Toloi:2004,
	title = {Analise de Series Temporais},
	publisher = {Associação Brasileira de Estatística e Edgard Blücher},
	series = {Projeto Fisher},
	author = {Pedro Alberto Morettin & Clélia M. C. Toloi},
	year = {2004},
	pages = {544},
}

@Article{spatstat,
    title = {Spatstat: an {R} package for analyzing spatial point patterns},
    author = {Adrian Baddeley and Rolf Turner},
    journal = {Journal of Statistical Software},
    volume = {12},
    number = {6},
    pages = {1--42},
    year = {2005},
    note = {{ISSN} 1548-7660},
    url = {www.jstatsoft.org},
  }


@book{diggle:2003,
	edition = {2},
	title = {Statistical Analysis of Spatial Point Patterns},
	isbn = {0340740701},
	publisher = {Hodder Education Publishers},
	author = {Diggle, Peter J.},
	month = feb,
	year = {2003}
}

@book{assuncaoetal:2010,
publisher = {Associação Brasileira de Estat\'{\i}stica},year = {2010},title = {Campos Aleat\'orios de Markov e Distribui\c{c}\~oes Especificadas Atrav\'es das Densidades Condicionais},author = {Assun\c{c}\~ao, R. M. and Rodriques, E. C. and Krainski, E. T.},
} 

@Article{vivarf2009,
  author =       {Vivar, J. C. and Ferreira, M. A. R.},
  title =        {Spatio-temporal models for Gaussian areal data},
  journal =      {Journal of Computational and Graphical Statistics},
  year =         {2009},
  volume =       {18},
  number =       {3},
  pages =        {658-674},
}

@PhdThesis{vivar2007,
  author =       {Vivar, J. C.},
  title =        {Modelos espaço-temporais para dados de área na família exponencial}, 
  school =       {Universidade Federal do Rio de Janeiro},
  year =         {2007},
}

@Article{besagk1995,
  author =       {Besag, J. and Kooperberg, C.},
  title =        {On conditional and intrinsic autoregressions},
  journal =      {Biometrika},
  year =         {1995},
  volume =       {82},
  number =       {4},
  pages =        {733-746},
}

@TechReport{cameletti,
  author =       {Cameletti, M. and Lindgren, F. and Simpson, D. and Rue, H.},
  title =        {Spatio-temporal modeling of particulate matter
concentration through the SPDE approach},
  institution =  {Norwegian University of Science and Technology},
  year =         {2011},
}


@book{box+tiao:1992,
author = {Box, George E. P. and Tiao, George C.},
isbn = {0471574287},
pages = {608},
publisher = {Wiley-Interscience},
title = {{Bayesian Inference in Statistical Analysis}},
url = {http://www.amazon.com/Bayesian-Inference-Statistical-Analysis-Classics/dp/0471574287},
year = {1992}
}

@book{migon+souza+schmidt:2008,
author = {Hélio S. Migon & Aparecida D.P. Souza & Alexandra M. Schmidt},
pages = {279},
publisher = {Associação Brasileira de Estatística},
title = {Modelo hierárquicos e aplicações},
year = {2008}
}

@book{carlin+luis:2008,
author = {Carlin, Bradley P. and Louis, Thomas A.},
isbn = {1584886978},
pages = {552},
publisher = {Chapman and Hall/CRC},
title = {{Bayesian Methods for Data Analysis, Third Edition (Chapman \&
Hall/CRC Texts in Statistical Science)}},
url = {
http://www.amazon.com/Bayesian-Methods-Analysis-Edition-Statistical/dp/1584886978
},
year = {2008}
}

@book{gelman+hill:2006,
author = {Gelman, Andrew and Hill, Jennifer},
isbn = {052168689X},
pages = {648},
publisher = {Cambridge University Press},
title = {{Data Analysis Using Regression and Multilevel/Hierarchical
Models}},
url = {
http://www.amazon.com/Analysis-Regression-Multilevel-Hierarchical-Models/dp/052168689X
},
year = {2006}
}



@Book{colosimo-giolo:06,
  Author         = {S R {Giolo} and E A {Colosimo}},
  Title          = {Análise de sobreviência aplicada},
  Publisher      = {Edgard Blucher},
  pages          = {392 $\,\!$},
  year           = 2006,
}

@Book{carvalho-etal:11,
  Author         = {Marilia Sá Carvalho and Valeska Lima Andreozzi and
Claudia Torres Codeço and Dayse Pereira Campos and Maria Tereza Serrano
Barbosa and Silvia Emiko Shimakura},
  Title          = {Análise de Sobrevivência: teoria e aplicações em saúde},
  Edition        = {2},
  Publisher      = {Editora Fiocruz},
  pages          = {432 $\,\!$},
  year           = 2011,
}

@Article{ltm,
    title = {ltm: An R package for Latent Variable Modelling and Item Response Theory Analyses},
    author = {Dimitris Rizopoulos},
    journal = {Journal of Statistical Software},
    year = {2006},
    volume = {17},
    number = {5},
    pages = {1--25},
    url = {http://www.jstatsoft.org/v17/i05/},
}


@article{winkelmann:1995,
author  = {Winkelmann, Rainer},
doi     = {10.2307/1392392},
issn    = {0735-0015},
journal = {Journal of Business \& Economic Statistics},
month   = oct,
number  = {4},
pages   = {467--474},
title   = {{Duration Dependence and Dispersion in Count-Data Models}},
url     = {http://www.jstor.org/stable/1392392},
volume  = {13},
year    = {1995}
}

@book{Cox1979,
author = {Cox, D.R. and Hinkley, D.V.},
isbn = {0412161605},
pages = {528},
publisher = {Chapman and Hall/CRC},
title = {{Theoretical Statistics}},
url = {http://www.amazon.com/Theoretical-Statistics-D-R-Cox/dp/0412161605},
year = {1979}
}

@Book{diggle+ribeiro:2007,
  author =       {Diggle, P. J. and {Ribeiro Jr.}, P. J.},
  ALTeditor =    {},
  title =        {Model Based Geostatistics},
  publisher =    {Springer},
  year =         {2007},
  OPTkey =       {},
  OPTvolume =    {},
  OPTnumber =    {},
  OPTseries =    {},
  address =      {New York},
  OPTedition =   {},
  OPTmonth =     {},
  note =         {230p.},
  OPTannote =    {}
}


@book{Azzalini1996,
author = {Azzalini, Adelchi},
isbn = {041260650X},
pages = {352},
publisher = {Chapman and Hall/CRC},
title = {{Statistical Inference Based on the likelihood}},
url = {http://www.amazon.com/Statistical-likelihood-Monographs-Statistics-Probability/dp/041260650X},
year = {1996}
}

@book{Pawitan2001,
author = {Yudi Pawitan},
isbn = {0198507658},
pages = {544},
publisher = {Oxford University Press, USA},
title = {{In All Likelihood: Statistical Modelling and Inference Using Likelihood}},
url = {http://www.amazon.com/All-Likelihood-Statistical-Modelling-Inference/dp/0198507658},
year = {2001}
}

@book{Dobson2008,
author = {Dobson, Annette J. and Barnett, Adrian},
isbn = {1584889500},
pages = {320},
publisher = {Chapman and Hall/CRC},
title = {{An Introduction to Generalized Linear Models}},
url = {http://www.amazon.com/Introduction-Generalized-Edition-Chapman-Statistical/dp/1584889500},
year = {2008}
}

@Article{nelder+wedderburn:1972,
  author = 	 {Nelder, J. A. and Wedderburn, R. M.},
  title = 	 {Generalized linear models.},
  journal = {Journal of the Royal Statistical Society, Series A},
  year = 	 {1972},
  OPTkey = 	 {},
  volume = 	 {135},
  OPTnumber = 	 {},
  pages = 	 {370--84},
  OPTmonth = 	 {},
  OPTnote = 	 {},
  OPTannote = 	 {}
}

@book{McCullagh1989,
author = {McCullagh, P. and Nelder, John A.},
edition = {Second Ed},
isbn = {0412317605},
pages = {532},
publisher = {Chapman and Hall/CRC},
title = {{Generalized Linear Models}},
url = {http://www.amazon.com/Generalized-Edition-Monographs-Statistics-Probability/dp/0412317605},
year = {1989}
}

@Manual{bbmle:2012,
    title = {bbmle: Tools for general maximum likelihood estimation},
    author = {Ben Bolker and {R Development Core Team}},
    year = {2012},
    note = {{R} package version 1.0.4.1},
    url = {http://CRAN.R-project.org/package=bbmle},
  }

@Article{MCMC:2011,
    title = {{MCMCpack}: Markov Chain Monte Carlo in {R}},
    author = {Andrew D. Martin and Kevin M. Quinn and Jong Hee Park},
    journal = {Journal of Statistical Software},
    year = {2011},
    url = {http://www.jstatsoft.org/},
  }

@Article{dclone:2010,
    title = {dclone: Data Cloning in {R}},
    author = {P\'{e}ter S\'{o}lymos},
    journal = {The R Journal},
    year = {2010},
    volume = {2},
    number = {2},
    pages = {29--37},
    url = {http://journal.r-project.org/},
  }

@Book{root:2009,
    title = {A Practical Guide to Ecological Modelling - Using {R} as a
      Simulation Platform },
    publisher = {Springer},
    year = {2009},
    author = {Karline Soetaert and Peter M.J. Herman},
    pages = {372},
  }

@Manual{rootSolve:2009,
    title = {rootSolve: Nonlinear root finding, equilibrium and
      steady-state analysis of ordinary differential equations },
    year = {2009},
    author = {Karline Soetaert},
    note = {{R} package 1.6},
  }

@TechReport{Miyashiro:2008,
  author = 	 {Miyashiro, Eliane Shizue},
  title = 	 {Modelos de regressão beta e simplex para a análise de proporções.},
  institution =  {Universidade de São Paulo},
  year = 	 {2008},
  number = 	 {},
  address = 	 {São Paulo},
  note =         {}
}


@book{Gilat2010,
author = {Gilat, Amos and Subramaniam, Vish},
isbn = {0470565152},
pages = {512},
publisher = {Wiley},
title = {{Numerical Methods with MATLAB}},
url = {http://www.amazon.com/Numerical-Methods-MATLAB-Amos-Gilat/dp/0470565152},
year = {2010}
}


@Article{AZZALINI+CAPITANIO:1999,
  author = 	 {Azzalini, A. and Capitanio, A.},
  title = 	 {Statistical applications of the multivariate skew-normal distribution},
  journal = 	 {\rm{\textbf{Journal of the Royal Statistical Society, Series B}}},
  year = 	 {1999},
  OPTkey = 	 {},
  volume = 	 {61},
  OPTnumber = 	 {4},
  pages = 	 {579--602}, 
  ISSN =         {},
  month = 	 {},
  OPTnote = 	 {},
  OPTannote = 	 {}
}

@Book{BANERJEE:2004,
  author = 	 {Banerjee, S. and Carlin, B. P. and Gelfand, A. E.},
  title = 	 {Hierarchical Modeling and Analysis for Spatial Data},
  publisher = 	 {Chapman \& Hall},
  address = 	 {London},
  year = 	 {2004},
  edition =      {},
  note = 	 {}
}

@Book{BEAL:2003,
  editor = 	 {Beal, M. J.},
  title = 	 {\rm{\textbf{Variational Algorithms for Approximate Bayesian Inference}}},
  publisher = 	 {London},
  address = 	 {University College London},
  year = 	 {2003},
  edition =      {PhD thesis},
  note = 	 { }
}

@Article{BESAG:1975,
  author = 	 {Besag, J.},
  title = 	 {Statistical analysis of non-lattice data},
  journal = 	 {\rm{\textbf{The Statistician}}},
  year = 	 {1975},
  OPTkey = 	 {},
  volume = 	 {24},
  OPTnumber = 	 {},
  pages = 	 {179--195}, 
  ISSN =         {},
  month = 	 {},
  OPTnote = 	 {},
  OPTannote = 	 {}
}

@Article{BESAG:1991,
  author = 	 {Besag, J. and York, J. and Mollié, A.},
  title = 	 {Bayesian image restoration with two applications in spatial statistics},
  journal = 	 {\rm{\textbf{Annals of Institute of Statistical Mathematics}}},
  year = 	 {1991},
  OPTkey = 	 {},
  volume = 	 {43},
  OPTnumber = 	 {1},
  pages = 	 {1--59}, 
  ISSN =         {},
  month = 	 {},
  OPTnote = 	 {},
  OPTannote = 	 {}
}

@Book{BISHOP:2006,
  editor = 	 {Bishop, C. M.},
  title = 	 {\rm{\textbf{Pattern Recognition and Machine Learning}}},
  publisher = 	 {Springer-Verlag},
  address = 	 {New York},
  year = 	 {2006},
  edition =      {},
  note = 	 {Series: Information Science and Statistics}
}

@Manual{spdep:2012,
    title = {spdep: Spatial dependence: weighting schemes, statistics and models},
    author = {Roger Bivand and with contributions by Micah Altman and Luc Anselin and Renato Assunção and Olaf Berke and Andrew Bernat and Guillaume Blanchet and Eric Blankmeyer and Marilia Carvalho and Bjarke Christensen and Yongwan Chun and Carsten Dormann and Stéphane Dray and Rein Halbersma and Elias Krainski and Pierre Legendre and Nicholas Lewin-Koh and Hongfei Li and Jielai Ma and Giovanni Millo and Werner Mueller and Hisaji Ono and Pedro Peres-Neto and Gianfranco Piras and Markus Reder and Michael Tiefelsdorf and Danlin Yu.},
    year = {2012},
    note = {R package version 0.5-45},
    url = {http://CRAN.R-project.org/package=spdep},
  }


@Article{BONAT:2009,
  author = 	 {Bonat, W. H. and Ribeiro Jr, Dallazuanna, H. S. and Regis, L. N. Monteiro, A. M. V. and Silveira, J. C. and Acioli, R. V. and Souza, W. V.},
  title = 	 {\rm{Investigando fatores associados a contagens de ovos de Aedes Aegypti coletados em ovitrampas em Recife/PE}},
  journal = 	 {\rm{\textbf{Revista Brasileira de Biometria}}},
  year = 	 {2009},
  OPTkey = 	 {},
  volume = 	 {27},
  OPTnumber = 	 {4},
  pages = 	 {519--537}, 
  ISSN =         {},
  month = 	 {},
  OPTnote = 	 {},
  OPTannote = 	 {}
}

@Article{BRAGA:2007,
  author = 	 {Braga, I. A. and Valle, D.},
  title = 	 {\rm{Aedes aegypti: vigilância, monitoramento da resistência e alternativas de controle no Brasil}},
  journal = 	 {\rm{\textbf{Epidemiologia e Serviços de Saúde}}},
  year = 	 {2007},
  OPTkey = 	 {},
  volume = 	 {16},
  OPTnumber = 	 {4},
  pages = 	 {295--302}, 
  ISSN =         {},
  month = 	 {},
  OPTnote = 	 {},
  OPTannote = 	 {}
}

@Book{gilks+richardson+spiegelhalter:1996,
  author =       {Gilks, W. R. and Richardson, S. and Spiegelhalter, D. J. (Eds)},
  title =        {Markov Chain Monte Carlo in Practice},
  publisher =    {Chapman and Hall},
  address =      {London},
  year =         {1996},
  OPTseries =    {Interdisciplinary statistics}
}


@InBook{CLAYTON:1996,
  author = 	 {Clayton, D.},
  chapter = 	 {Generalized linear mixed models},
  editor = {W. Gilks et. al.},
  title = {Markov Chain {Monte Carlo} in Practice},
  publisher = 	 {Chapman \& Hall},
  address = 	 {London},
  year = 	 {2004},
}

@TechReport{CLAYTON:1987,
  author = 	 {Clayton, D. G. and Bernardinelli, L.},
  title = 	 {\rm{\textbf{Bayesian methods for mapping disease risks}}},
  institution =  {Oxford University Press},
  year = 	 {1987},
  number = 	 {},
  address = 	 {Oxford University Press},
  note =         {}
}

@Article{CONNOR:1923,
  author = 	 {Connor, M. E. and Monroe, W. M.},
  title = 	 {Stegomyia indices and their value in yellow fever control},
  journal = 	 {\rm{\textbf{American Journal of Tropical Medicine and Hygiene}}},
  year = 	 {1923},
  OPTkey = 	 {},
  volume = 	 {2},
  OPTnumber = 	 {},
  pages = 	 {9--19}, 
  ISSN =         {},
  month = 	 {},
  OPTnote = 	 {},
  OPTannote = 	 {}
}

@Book{CZERMAINSKI:2006,
  editor = 	 {Czermainski, A. B. C.},
  title = 	 {\rm{\textbf{Dinâmica espaço-temporal de populações do patossistema leprose-dos-citrus em condições naturais de epidemia}}},
  publisher = 	 {Piracicaba},
  address = 	 {Universidade de São Paulo},
  year = 	 {2006},
  edition =      {Tese (Doutorado)},
  note = 	 { }
}

@TechReport{DERISIO:1992,
  author = 	 {Derisio, J. C.},
  title = 	 {\rm{\textbf{Introdução ao controle de poluição ambiental}}},
  institution =  {Companhia de tecnologia de Saneamento Ambiental - CETESB},
  year = 	 {1992},
  number = 	 {},
  address = 	 {São Paulo},
  note =         {}
}

@Book{FAHR:2001,
  author = 	 {Fahrmeir, L. and Tutz, G.},
  title = 	 {Multivariate Statistical Modelling Based on Generalized Linear Models},
  publisher = 	 {Springer-Verlag},
  address = 	 {Berlin},
  year = 	 {2001},
  edition =      {Second},
}

@Book{GELMAN:2004,
  author = 	 {Gelman, A. and Carlin, J. B. and Stern, H. S. and Rubin, D. B.},
  title = 	 {Bayesian Data Analysis},
  publisher = 	 {Chapman \& HALL/CRC},
  address = 	 {Boca Raton},
  year = 	 {2004},
  edition =      {Second},
  note = 	 {}
}


@Article{RUE:2009,
  author = 	 {Rue, H. and Martino, S. and Chopin, N.},
  title = 	 {\rm{Approximate Bayesian inference for latent Gaussian models using integrated nested Laplace approximations}},
  journal = 	 {\rm{\textbf{Journal Royal Statistical Society B}}},
  year = 	 {2009},
  OPTkey = 	 {},
  volume = 	 {71},
  OPTnumber = 	 {},
  pages = 	 {319--392}, 
  ISSN =         {},
  OPTmonth = 	 {},
  note = 	 {},
  OPTannote = 	 {}
}

@Article{KNORR:2002,
  author = 	 {Knorr-Held, L. and Rue, H.},
  title = 	 {On block updating in Markov random field models for disease mapping},
  journal = 	 {Scandinavian Journal of Statistics},
  year = 	 {2002},
  OPTkey = 	 {},
  volume = 	 {29},
  OPTnumber = 	 {4},
  pages = 	 {597--614}, 
  ISSN =         {},
  OPTmonth = 	 {},
  OPTnote = 	 {},
  OPTannote = 	 {}
}


@Article{HINTON:1993,
  author = 	 {Hinton, G. E. and Van Camp, D.},
  title = 	 {Keeping the neural networks simple by minizing the description length of weights},
  journal = 	 {\rm{\textbf{Proceedings of the sixth annual conference on Computacinal learning theory}}},
  year = 	 {1993},
  OPTkey = 	 {},
  volume = 	 {},
  OPTnumber = 	 {},
  pages = 	 {5--13}, 
}

@Article{MINKA:2001,
  author = 	 {Minka, T. P.},
  title = 	 {\rm{Expectation propagation for approximate Bayesian inference}},
  journal = 	 {\rm{\textbf{Uncertainty in Artificial Intelligence}}},
  year = 	 {2001},
  OPTkey = 	 {},
  volume = 	 {17},
  OPTnumber = 	 {},
  pages = 	 {451--369}, 
  ISSN =         {},
  month = 	 {},
  OPTnote = 	 {},
  OPTannote = 	 {}
}


@Article{KUSS:2005,
  author = 	 {Kuss, M and Rasmussen, C. E.},
  title = 	 {\rm{Assessing approximate inference for binary Gaussian process classification}},
  journal = 	 {\rm{\textbf{Journal of Machine Learning Research}}},
  year = 	 {2005},
  OPTkey = 	 {},
  volume = 	 {6},
  OPTnumber = 	 {},
  pages = 	 {1679--1704}, 
  ISSN =         {},
  month = 	 {},
  OPTnote = 	 {},
  OPTannote = 	 {}
}

@TechReport{MARTINO:2008,
  author = 	 {Martino, S and Rue, H.},
  title = 	 {\rm{\textbf{Implementing approximate {B}ayesian inference for latent Gaussian models using integrated nested Laplace approximations: A manual for the inla-program}}},
  institution =  {Norwegian University of Science and Technology},
  year = 	 {2008},
  number = 	 {},
  address = 	 {Department of Mathematical Sciences},
  note =         {Technical Report no 2}
}

@TechReport{RIBEIRO:2008,
  author = 	 {Ribeiro, Jr P. J. and Bonat, W. H. Prestes, E. C. and Miranda, T. L. G. and Brassac, N. M.},
  title = 	 {\rm{\textbf{Análise estatística de variáveis de qualidade da água em reservatórios da {COPEL}}}},
  institution =  {LACTEC - Instituto de tecnologia para o desenvolvimento},
  year = 	 {2008},
  number = 	 {},
  address = 	 {Divisão de Meio Ambiente - Departamento de Recursos Ambientais},
  note =         {}
}


@Article{FRANCISCON:2008,
  author = 	 {Franciscon, L. and Ribeiro Jr, P. J. and Krainski, E. T. and Bassanezi, R. B. and Czermainski, A. B. C.},
  title = 	 {Modelo autologístico espaço-temporal com aplicação à análise de padrões espaciais da leprose-dos-citrus},
  journal = 	 {\rm{\textbf{Pesquisa agropecuária brasileira}}},
  year = 	 {2008},
  OPTkey = 	 {},
  volume = 	 {43},
  OPTnumber = 	 {12},
  pages = 	 {1677--1682}, 
  ISSN =         {},
  month = 	 {},
  OPTnote = 	 {},
  OPTannote = 	 {}
}

@Article{TAUIL:2002,
  author = 	 {Tauil, P. L.},
  title = 	 {Aspectos críticos do controle do dengue no Brasil},
  journal = 	 {\rm{\textbf{Cadernos de Saúde Pública}}},
  year = 	 {2002},
  OPTkey = 	 {},
  volume = 	 {18},
  OPTnumber = 	 {},
  pages = 	 {867--871}, 
  ISSN =         {},
  month = 	 {},
  OPTnote = 	 {},
  OPTannote = 	 {}
}

@TechReport{MONTEIRO:2006,
  author = 	 {Monteiro, A. M. and Carvalho, M. S. and Assunção, R. M. and Ribeiro Jr, P. J. and Vieira, W. and Davis, C. and Regis, L.},
  title = 	 {\rm{\textbf{{SAUDAVEL} - Bridging the Gap between Research and Service in Public Health Operational Programs by Multi-Institutional Networking Development and use of Spatial Information Technology Inoovative Tools}}},
  institution =  {INPE - Instituto Nacional de Pesquisas Espaciais},
  year = 	 {2006},
  number = 	 {},
  address = 	 {Divisão de processamento de imagens},
  note =         {}
}

@TechReport{FUNASA:2001,
  author = 	 {Fundação Nacional de saúde},
  title = 	 {\rm{\textbf{}}},
  institution =  {INPE - Instituto Nacional de Pesquisas Espaciais},
  year = 	 {2006},
  number = 	 {},
  address = 	 {Divisão de processamento de imagens},
  note =         {}
}

@Article{FOCKS:2000,
  author = 	 {Focks, D. A.},
  title = 	 {A review of entomological sampling methods and indicators for dengue vectors},
  journal = 	 {\rm{\textbf{Monografia na internet}}},
  year = 	 {2000},
  OPTkey = 	 {},
  volume = 	 {},
  OPTnumber = 	 {},
  pages = 	 {1--20}, 
  ISSN =         {},
  month = 	 {},
  OPTnote = 	 {},
  OPTannote = 	 {}
}

@Article{FAY:1965,
  author = 	 {Fay, R. W. and Eliason, D. A.},
  title = 	 {Laboratory studies of oviposicional preferences of \textit{{A}edes aegypti}},
  journal = 	 {\rm{\textbf{Mosquito News}}},
  year = 	 {1965},
  OPTkey = 	 {},
  volume = 	 {25},
  OPTnumber = 	 {},
  pages = 	 {270--281}, 
  ISSN =         {},
  month = 	 {},
  OPTnote = 	 {},
  OPTannote = 	 {}
}

@Article{FAY:1966,
  author = 	 {Fay, R. W. and Eliason, D. A.},
  title = 	 {A preferred ovoposicion site as a surveillance method for \textit{{A}edes aegypti}},
  journal = 	 {\rm{\textbf{Mosquito News}}},
  year = 	 {1966},
  OPTkey = 	 {},
  volume = 	 {26},
  OPTnumber = 	 {},
  pages = 	 {531--534}, 
  ISSN =         {},
  month = 	 {},
  OPTnote = 	 {},
  OPTannote = 	 {}
}

@Article{REGIS:2008,
  author = 	 {Regis, L. N. and Monteiro, A. M. V. and  Melo-Santos, M. A. V. Silveira, J. C. and Furtado, A. F. and Acioli, R. V. and Santos, G. M. and Nakasawa, M. and Carvalho, M. S. and {Ribeiro Jr}, P. J. and Souza, W. V.  },
  title = 	 {\rm{Developing new approaches for detecting and preventing Aedes \textit{{A}edes aegypti} population outbreaks: bases for surveillance, alert and control system}},
  journal = 	 {\rm{\textbf{Memórias do Instituto Oswaldo Cruz}}},
  year = 	 {2008},
  OPTkey = 	 {},
  volume = 	 {103},
  OPTnumber = 	 {},
  pages = 	 {50--59}, 
  ISSN =         {},
  month = 	 {},
  OPTnote = 	 {},
  OPTannote = 	 {}
}

@Article{REGIS:2009,
  author = 	 {Regis, L. N. and Souza, W. V. and Furtado, A. F. and Fonseca, C. D. and Silveira, J. C. and {Ribeiro Jr}, P. J. and Melo-Santos, M. A. V. and Carvalho, M. S.},
  title = 	 {An entomological surveillance system based on open spatial information for participative dengue control},
  journal = 	 {\rm{\textbf{Anais da Academia Brasileira de Ciências}}},
  year = 	 {2009},
  OPTkey = 	 {},
  volume = 	 {81},
  OPTnumber = 	 {},
  pages = 	 {1--8}, 
  ISSN =         {},
  month = 	 {},
  OPTnote = 	 {},
  OPTannote = 	 {}
}

@Article{MARQUES:2009,
  author = 	 {Marques, J. P. R. and Freitas-Astúa, J. and Kitakima, E. W. and Appezzato-da-Glória, B.},
  title = 	 {Lesões foliares e de ramos de laranjeira-doce causadas pela leprose-dos-citros},
  journal = 	 {\rm{\textbf{Pesquisa Agropecuária Brasileira}}},
  year = 	 {2007},
  OPTkey = 	 {},
  volume = 	 {42},
  OPTnumber = 	 {},
  pages = 	 {1531--1536}, 
  ISSN =         {},
  month = 	 {},
  OPTnote = 	 {},
  OPTannote = 	 {}
}

@Article{GUIRADO:2000,
  author = 	 {Guirado, N.},
  title = 	 {Defensivos naturais controlam a leprose dos citrus},
  journal = 	 {\rm{\textbf{O agronômico}}},
  year = 	 {2000},
  OPTkey = 	 {},
  volume = 	 {52},
  OPTnumber = 	 {},
  pages = 	 {11--12}, 
  ISSN =         {},
  month = 	 {},
  OPTnote = 	 {},
  OPTannote = 	 {}
}

@Book{RODRIGUES:2000,
  editor = 	 {Rodrigues, J. C. V.},
  title = 	 {\rm{\textbf{Relações patógeno-vetor-planta no sistema leprose-dos-citros}}},
  publisher = 	 {Piracicaba},
  address = 	 {Universidade de São Paulo},
  year = 	 {2000},
  edition =      {Tese (Doutorado)},
  note = 	 { }
}

@Article{LIMA:2006,
  author = 	 {Lima, R. R. and Demétrio, C. G. B. and Ribeiro Jr, P. J. and Ridout, M.},
  title = 	 {Uma comparação de técnicas baseadas em quadrats para caracterização de padrões espaciais em doenças de plantas},
  journal = 	 {\rm{\textbf{Revista Brasileira de Biometria}}},
  year = 	 {2006},
  OPTkey = 	 {},
  volume = 	 {24},
  OPTnumber = 	 {},
  pages = 	 {7--26}, 
  ISSN =         {},
  month = 	 {},
  OPTnote = 	 {},
  OPTannote = 	 {}
}

@Article{KRAINSKI:2008,
  author = 	 {Krainski, E. T. and {Ribeiro Jr}, P. J. and Bassanezi, R. B. and Franciscon, L.},
  title = 	 {Autologistic model with an application to the citrus sudden death disease},
  journal = 	 {\rm{\textbf{Scientia Agricola}}},
  year = 	 {2008},
  OPTkey = 	 {},
  volume = 	 {65},
  OPTnumber = 	 {},
  pages = 	 {541--547}, 
  ISSN =         {},
  month = 	 {},
  OPTnote = 	 {},
  OPTannote = 	 {}
}




@Book{DEY:2000,
  editor = 	 {Dey, D. K. and Ghosh, S. K. and Mallick, B. K.},
  title = 	 {\rm{\textbf{Generalized linear models: A Bayesian Perspective.}}},
  publisher = 	 {Chapman \& Hall/CRC},
  address = 	 {London},
  year = 	 {2000},
  edition =      {},
  note = 	 { }
}

@Article{LANG:2004,
  author = 	 {Lang, S. and Brezger, A.},
  title = 	 {Bayesian P-splines},
  journal = 	 {\rm{\textbf{Journal of Computational and Graphical Statistics}}},
  year = 	 {2004},
  OPTkey = 	 {},
  volume = 	 {13},
  OPTnumber = 	 {1},
  pages = 	 {183--212}, 
  ISSN =         {},
  month = 	 {},
  OPTnote = 	 {},
  OPTannote = 	 {}
}

@Book{RUE+HELD:2005,
  author = 	 {Rue, H. and Held, L.},
  title = 	 {Gaussian {M}arkov Random Fields: Theory and Applications},
  publisher = 	 {Chapman \& Hall},
  address = 	 {London},
  year = 	 {2005},
}

@Book{KITAGAWA:1996,
  editor = 	 {Kitagawa, G. and Gersch, W.},
  title = 	 {Smoothness Priors Analysis of Time Series},
  publisher = 	 {Springer-Verlag},
  address = 	 {New York},
  year = 	 {1996},
}

@Book{west1997,
  editor = 	 {West, M. and Harrison, J.},
  title = 	 {Bayesian Forecasting and Dynamic Models},
  publisher = 	 {Springer-Verlag},
  address = 	 {New York},
  year = 	 {1997},
  edition =      {2},
  pages = 	 {},
}


@Article{KNORR-HELD:2000,
  author = 	 {Knorr-Held, L.},
  title = 	 {Bayesian modelling of inseparable space-time variation in disease risk},
  journal = 	 {\rm{\textbf{Statistical Medical}}},
  year = 	 {2000},
  OPTkey = 	 {},
  volume = 	 {19},
  OPTnumber = 	 {},
  pages = 	 {2555--2567}, 
  ISSN =         {},
  month = 	 {},
  OPTnote = 	 {},
  OPTannote = 	 {}
}


@Article{MARROQUIN:2001,
  author = 	 {Marroquin, J. L. and Velasco, F. A. and Rivera, M. and Nakamura, M.},
  title = 	 {\rm{Gauss-Markov measure field models for low-level vision}},
  journal = 	 {\rm{\textbf{IEEE Transactions on Pattern Analysis and Machine Intelligence}}},
  year = 	 {2001},
  OPTkey = 	 {},
  volume = 	 {23},
  OPTnumber = 	 {4},
  pages = 	 {337--348}, 
  ISSN =         {},
  month = 	 {},
  OPTnote = 	 {},
  OPTannote = 	 {}
}



@Article{STONE:1997,
  author = 	 {Stone, C. J. and Hansen, M. and Kooperberg, C. and Troung, Y. K.},
  title = 	 {Polynomial splines and their tensor products in extended linear modeling},
  journal = 	 {\rm{\textbf{Annals of Statistics}}},
  year = 	 {1997},
  OPTkey = 	 {},
  volume = 	 {25},
  OPTnumber = 	 {},
  pages = 	 {1371--1470}, 
  ISSN =         {},
  month = 	 {},
  OPTnote = 	 {},
  OPTannote = 	 {}
}

@TechReport{PHILIPPI:2004,
  author = 	 {Philippi, Jr A. and Romero, M. A. and Bruna, G. C.},
  title = 	 {\rm{\textbf{Curso de Gestão Ambiental}}},
  institution =  {Ed. Manole},
  year = 	 {2004},
  number = 	 {},
  address = 	 {Barueri},
  note =         {}
}



@Article{EIDSVIK:2008,
  author = 	 {Eidsvik, J. and Martino, S. and Rue, H.},
  title = 	 {Approximate Bayesian inference in spatial generalized linear mixed models},
  journal = 	 {Scandinavian Journal of Statistics},
  year = 	 {2009},
  OPTkey = 	 {},
  volume = 	 {36},
  OPTnumber = 	 {},
  pages = 	 {1--22}, 
  ISSN =         {},
  month = 	 {},
  OPTnote = 	 {},
  OPTannote = 	 {}
}

@Article{RUE+MARTINO:2007,
  author = 	 {Rue, H. and Martino, S.},
  title = 	 {Approximate Bayesian inference for hierarchical {G}aussian {M}arkov random fields models},
  journal = 	 {Journal of statistical Planning and Inference},
  year = 	 {2007},
  OPTkey = 	 {},
  volume = 	 {137},
  OPTnumber = 	 {10},
  pages = 	 {3177--3192}, 
  ISSN =         {},
  month = 	 {},
  OPTnote = 	 {},
  OPTannote = 	 {}
}

@Article{SMITH:1987,
  author = 	 {Smith, A. F. M. and Skene, A. M. and Shaw, J. E. H. and Neylor, J. C.},
  title = 	 {Progress with numerical and graphical methods for practical {B}ayesian statistics},
  journal = 	 {Journal of statistical Planning and Inference},
  year = 	 {1987},
  OPTkey = 	 {},
  volume = 	 {36},
  OPTnumber = 	 {2},
  pages = 	 {75--82}, 
  ISSN =         {},
  month = 	 {},
  OPTnote = 	 {},
  OPTannote = 	 {}
}

@Book{MARTINO:2007,
  editor = 	 {Martino, S.},
  title = 	 {Approximate {B}ayesian inference for latent {G}aussian models},
  publisher = 	 {Norwegian University of Science and Technology},
  address = 	 {Department of Mathematical sciences},
  year = 	 {2007},
  edition =      {PhD thesis},
}



@Article{PETIT:1990,
  author = 	 {Pettit, L. I.},
  title = 	 {The conditional predictive ordinate for the normal distribution},
  journal = 	 {Journal of the Royal Statistical Society, Series B},
  year = 	 {1990},
  OPTkey = 	 {},
  volume = 	 {52},
  OPTnumber = 	 {1},
  pages = 	 {175--184}, 
  ISSN =         {},
  month = 	 {},
  OPTnote = 	 {},
  OPTannote = 	 {}
}

@TechReport{CZADO:2007,
  author = 	 {Czado, C. and Gneiting, T. and Held, L.},
  title = 	 {Predictive model assessment for count data},
  institution =  {University of Whashington},
  year = 	 {1992},
  number = 	 {},
  address = 	 {Department of Statistics},
}

@Article{RUE:2001,
  author = 	 {Rue, H.},
  title = 	 {Fast sampling of Gaussian Markov random fields},
  journal = 	 {Journal of the Royal Statistical Society, Series B},
  year = 	 {2001},
  OPTkey = 	 {},
  volume = 	 {63},
  OPTnumber = 	 {2},
  pages = 	 {325--338}, 
  ISSN =         {},
  month = 	 {},
  OPTnote = 	 {},
  OPTannote = 	 {}
}

@Article{SPIEGELHALTER:2002,
  author = 	 {Spiegelhalter, D. J. and Best, N. G. and Carlin, B. P. and van der Linde, A.},
  title = 	 {Bayesian measures of model complexity and fit (with discussion)},
  journal = 	 {Journal of the Royal Statistical Society, Series B},
  year = 	 {2001},
  OPTkey = 	 {},
  volume = 	 {64},
  OPTnumber = 	 {2},
  pages = 	 {583--639}, 
  ISSN =         {},
  month = 	 {},
  OPTnote = 	 {},
  OPTannote = 	 {}
}

@Book{WOOD:2006,
  editor = 	 {Wood, S. N.},
  title = 	 {\rm{\textbf{Generalized additive models: Introduction with R.}}},
  publisher = 	 {Chapman and Hall},
  address = 	 {Boca Raton},
  year = 	 {2006},
  edition =      {},
  note = 	 {}
}

@Article{WOOD:2008,
  author       = {WOOD, S. N},
  title	       = {GAMs with GCV smoothness estimation and GAMMs by REML/PQL},
  journal      = {R package version},
  year	       = {2008},
  volume       = {},
  OPTnumber    = {1.3-31},
  pages	       = {},
  month	       = {},
  issn         = {},
  url          = {http://cran.r-project.org/web/packages/mgcv},
  note         = {Acesso em 26/01/2010}
}

@Article{VENABLES:2004,
  author       = {VENABLES, W. N. and DICHMONT, C. M.},
  title	       = {GLMs, GAMs and GLMMs: an overview of theory for applications in fisheries research.},
  journal      = {Fisheries Research},
  year	       = {2004},
  volume       = {70},
  OPTnumber    = {},
  pages	       = {319-337},
  month	       = {},
  issn         = {},
  url          = {},
  note         = {}
}

@Manual{R,
    title = {R: A Language and Environment for Statistical Computing},
    author = {{R Development Core Team}},
    organization = {R Foundation for Statistical Computing},
    address = {Vienna, Austria},
    year = {2012},
    note = {{ISBN} 3-900051-07-0},
    url = {http://www.R-project.org/},
  }


@Manual{tripack:2009,
    title = {tripack: Triangulation of irregularly spaced data},
    author = {Fortran code by R. J. Renka. R functions by Albrecht Gebhardt. With contributions from Stephen Eglen  and Sergei Zuyev and Denis White},
    year = {2009},
    note = {R package version 1.3-3},
    url = {http://CRAN.R-project.org/package=tripack},
  }

@Manual{gpclib:2009,
    title = {gpclib: General Polygon Clipping Library for R},
    author = {Roger D. Peng with contributions from Duncan Murdoch; GPC library by Alan Murta},
    year = {2009},
    note = {R package version 1.4-4},
    url = {http://CRAN.R-project.org/package=gpclib},
  }

@Article{sp:2009,
    author = {Edzer J. Pebesma and Roger S. Bivand},
    title = {Classes and methods for spatial data in {R}},
    journal = {R News},
    year = {2005},
    volume = {5},
    number = {2},
    pages = {9--13},
    month = {November},
    url = {http://CRAN.R-project.org/doc/Rnews/},
}

@article{Simas2010,
author = {Simas, Alexandre B. and Barreto-Souza, Wagner and Rocha, Andr\'{e}a V.},
doi = {10.1016/j.csda.2009.08.017},
issn = {01679473},
journal = {Computational Statistics \& Data Analysis},
month = feb,
number = {2},
pages = {348--366},
publisher = {Elsevier B.V.},
title = {{Improved estimators for a general class of beta regression models}},
url = {http://linkinghub.elsevier.com/retrieve/pii/S0167947309003107},
volume = {54},
year = {2010}
}
@article{Rocha2010,
doi = {10.1007/s11749-010-0189-z},
issn = {1133-0686},
journal = {TEST},
keywords = {Business and Economics},
month = mar,
number = {1},
pages = {95--119},
publisher = {Springer Berlin / Heidelberg},
title = {{Influence diagnostics in a general class of beta regression models}},
url = {http://www.springerlink.com/content/g331633302358003/},
volume = {20},
year = {2010}
}
@article{Rocha2008,
author = {Rocha, Andr\'{e}a V. and {Cribari-Neto}, Francisco},
doi = {10.1007/s11749-008-0112-z},
issn = {1133-0686},
journal = {Test},
keywords = {2000,62m10,91b84,arma,beta arma,beta distribution,forecasts,mathematics subject classification},
month = jun,
number = {3},
pages = {529--545},
title = {{Beta autoregressive moving average models}},
url = {http://www.springerlink.com/index/10.1007/s11749-008-0112-z},
volume = {18},
year = {2008}
}
@book{Pinheiro2000,
author = {Pinheiro, Jose C. and Bates, Douglas M.},
isbn = {0387989579},
pages = {528},
publisher = {Springer},
title = {Mixed Effects Models in {S} and {S-Plus}},
year = {2000}
}

@article{Paolino2001,
author = {Paolino, Philip},
journal = {Political Analysis},
number = {4},
pages = {325--346},
title = {Maximum Likelihood Estimation of Models with Beta-Distributed Dependent Variables},
url = {http://pan.oxfordjournals.org/cgi/content/abstract/9/4/325},
volume = {9},
year = {2001}
}
@article{Ospina2006,
author = {Ospina, Raydonal and {Cribari-Neto}, Francisco and Vasconcellos, Klaus L.P.},
doi = {10.1016/j.csda.2005.10.002},
issn = {01679473},
journal = {Computational Statistics \& Data Analysis},
keywords = {Beta distribution,Beta regression,Bias,Bias correction,Interval estimation,Maximum likelihood estimation},
month = nov,
number = {2},
pages = {960--981},
title = {{Improved point and interval estimation for a beta regression model}},
url = {http://dl.acm.org/citation.cfm?id=1647962.1648200},
volume = {51},
year = {2006}
}
@book{Molenberghs2005,
author = {Molenberghs, Geert and Verbeke, Geert},
isbn = {0387251448},
pages = {709},
publisher = {Springer},
title = {{Models for Discrete Longitudinal Data (Springer Series in Statistics)}},
url = {http://www.amazon.com/Models-Discrete-Longitudinal-Springer-Statistics/dp/0387251448},
year = {2005}
}

@article{McKenzie2007,
author = {{McKenzie}, Ed},
keywords = {Beta Autoregression,Bivariate Beta Distribution,Bivariate Uniform Distribution,Simulation},
language = {EN},
month = oct,
publisher = {Institute of Management Sciences},
title = {{An Autoregressive Process for Beta Random Variables}},
url = {http://www.jstor.org/pss/2631528},
year = {2007}
}

@article{Lele2007,
author = {Lele, Subhash R and Dennis, Brian and Lutscher, Frithjof},
doi = {10.1111/j.1461-0248.2007.01047.x},
issn = {1461-0248},
journal = {Ecology letters},
keywords = {Bayes Theorem,Computational Biology,Computational Biology: methods,Computer Simulation,Ecology,Ecology: methods,Ecosystem,Likelihood Functions,Markov Chains,Models, Biological,Monte Carlo Method,Population Dynamics},
month = jul,
number = {7},
pages = {551--63},
pmid = {17542934},
title = {{Data cloning: easy maximum likelihood estimation for complex ecological models using Bayesian Markov chain Monte Carlo methods.}},
url = {http://doi.wiley.com/10.1111/j.1461-0248.2007.01047.x},
volume = {10},
year = {2007}
}
@article{Lele2010,
author = {Lele, Subhash R.},
doi = {10.1198/jasa.2010.tm09757},
issn = {0162-1459},
journal = {Journal of the American Statistical Association},
month = dec,
number = {492},
pages = {1617--1625},
title = {{Estimability and Likelihood Inference for Generalized Linear Mixed Models Using Data Cloning}},
url = {http://pubs.amstat.org/doi/abs/10.1198/jasa.2010.tm09757},
volume = {105},
year = {2010}
}

@article{Lele2010a,
author = {Lele, Subhash R.},
doi = {10.1890/10-0099.1},
issn = {0012-9658},
journal = {Ecology},
language = {EN},
month = dec,
number = {12},
pages = {3493--3496},
publisher = {Ecological Society of America},
title = {{Model complexity and information in the data: Could it be a house built on sand?}},
url = {http://www.esajournals.org/doi/abs/10.1890/10-0099.1},
volume = {91},
year = {2010}
}
@article{Kieschnick2003,
author = {Kieschnick, Robert and McCullough, B. D.},
doi = {10.1191/1471082X03st053oa},
issn = {1471082X},
journal = {Statistical Modelling},
keywords = {beta regression},
month = oct,
number = {3},
pages = {193--213},
title = {{Regression analysis of variates observed on (0, 1): percentages, proportions and fractions}},
url = {http://smj.sagepub.com/cgi/content/abstract/3/3/193},
volume = {3},
year = {2003}
}
@book{Gelman2003,
author = {Gelman, Andrew and Carlin, John B. and Stern, Hal S. and Rubin, Donald B.},
isbn = {158488388X},
pages = {696},
publisher = {Chapman and Hall/CRC},
title = {{Bayesian Data Analysis, Second Edition (Chapman \& Hall/CRC Texts in Statistical Science)}},
url = {http://www.amazon.com/Bayesian-Analysis-Chapman-Statistical-Science/dp/158488388X},
year = {2003}
}
@article{Ferrari2004,
author = {Ferrari, Silvia and Cribari-Neto, Francisco},
doi = {10.1080/0266476042000214501},
issn = {0266-4763},
journal = {Journal of Applied Statistics},
month = aug,
number = {7},
pages = {799--815},
publisher = {Taylor \& Francis},
title = {{Beta Regression for Modelling Rates and Proportions}},
url = {http://www.tandfonline.com/doi/abs/10.1080/0266476042000214501},
volume = {31},
year = {2004}
}
@article{Espinheira2008,
author = {Espinheira, Patr\'{\i}cia L. and Ferrari, Silvia L.P. and {Cribari-Neto}, Francisco},
doi = {10.1080/02664760701834931},
issn = {0266-4763},
journal = {Journal of Applied Statistics},
month = apr,
number = {4},
pages = {407--419},
publisher = {Taylor \& Francis},
title = {{On beta regression residuals}},
url = {http://dx.doi.org/10.1080/02664760701834931},
volume = {35},
year = {2008}
}

@article{Espinheira2008a,
author = {Espinheira, P. and Ferrari, S. and {Cribari-Neto}, F},
doi = {10.1016/j.csda.2008.02.028},
issn = {01679473},
journal = {Computational Statistics \& Data Analysis},
month = may,
number = {9},
pages = {4417--4431},
title = {{Influence diagnostics in beta regression}},
url = {http://dl.acm.org/citation.cfm?id=1367150.1367411},
volume = {52},
year = {2008}
}

@article{Da-Silva2011,
author = {Da-Silva, C.Q. and Migon, H.S. and Correia, L.T.},
doi = {10.1016/j.csda.2010.12.011},
issn = {01679473},
journal = {Computational Statistics \& Data Analysis},
keywords = {Bayesian analysis,Beta distribution,Dynamic models,Generalized linear models,Logistic-normal distribution},
month = jun,
number = {6},
pages = {2074--2089},
title = {{Dynamic Bayesian beta models}},
url = {http://dl.acm.org/citation.cfm?id=1951000.1951322},
volume = {55},
year = {2011}
}
@article{Cools2003,
annote = {Paper para citar quando usar a integrate.
      },
author = {Cools, Ronald and Haegemans, Ann},
doi = {10.1145/838250.838253},
issn = {00983500},
journal = {ACM Transactions on Mathematical Software},
keywords = {Automatic integration,Integrate,cubature,quadrature},
mendeley-tags = {Integrate},
month = sep,
number = {3},
pages = {287--296},
title = {{Algorithm 824}},
url = {http://dl.acm.org/citation.cfm?id=838250.838253},
volume = {29},
year = {2003}
}
@article{Science1994,
author = {Byrd, Richard H.},
doi = {10.1137/0916069},
file = {:home/wagner/Documentos/Mendeley Desktop/Byrd - 1995 - A Limited Memory Algorithm for Bound Constrained Optimization.pdf:pdf},
journal = {SIAM Journal on Scientific Computing},
number = {5},
pages = {773},
title = {{A Limited Memory Algorithm for Bound Constrained Optimization}},
volume = {35},
year = {1995}
}
@article{Nelder1972,
     jstor_articletype = {research-article},
     title = {Generalized Linear Models},
     author = {Nelder, J. A. and Wedderburn, R. W. M.},
     journal = {Journal of the Royal Statistical Society. Series A (General)},
     jstor_issuetitle = {},
     volume = {135},
     number = {3},
     jstor_formatteddate = {1972},
     pages = {pp. 370-384},
     url = {http://www.jstor.org/stable/2344614},
     ISSN = {00359238},
     abstract = {The technique of iterative weighted linear regression can be used to obtain maximum likelihood estimates of the parameters with observations distributed according to some exponential family and systematic effects that can be made linear by a suitable transformation. A generalization of the analysis of variance is given for these models using log-likelihoods. These generalized linear models are illustrated by examples relating to four distributions; the Normal, Binomial (probit analysis, etc.), Poisson (contingency tables) and gamma (variance components). The implications of the approach in designing statistics courses are discussed.},
     language = {English},
     year = {1972},
     publisher = {Blackwell Publishing for the Royal Statistical Society},
    }

@article{Vasconcellos2005,
author = {Vasconcellos, Klaus L P and {Cribari-Neto}, Franciso},
journal = {Statistics},
keywords = {beta distribution,bias correction,maximum likelihood es-,regression,timation},
pages = {13--31},
title = {{Improved maximum likelihood estimation in a new class of beta regression models}},
year = {2005}
}
@article{Branscum2007,
author = {Branscum, Adam J. and Johnson, Wesley O. and Thurmond, Mark C.},
doi = {10.1111/j.1467-842X.2007.00481.x},
issn = {1369-1473},
journal = {Australian \& New Zealand Journal of Statistics},
month = sep,
number = {3},
pages = {287--301},
title = {{Baysian beta regression: Applications to household expenditure data and genetic distance between foot-and-mouth disease viruses}},
url = {http://doi.wiley.com/10.1111/j.1467-842X.2007.00481.x},
volume = {49},
year = {2007}
}
@article{Cribari-neto2010,
author = {{Cribari-Neto}, Francisco and Zeileis, Achim},
journal = {Journal Of Statistical Software},
keywords = {beta regression,proportions,r,rates},
number = {2},
title = {{Beta regression in R}},
volume = {34},
year = {2010}
}
@article{Grunwald1993,
author = {Grunwald, Gary K. and Raftery, Adrian E. and Guttorp, Peter},
journal = {Journal of the Royal Statistical Society: Series B (Statistical Methodology)},
number = {4},
pages = {586 -- 587},
title = {{Times Series of Continuous Proportions}},
url = {http://ideas.repec.org/a/eee/intfor/v9y1993i4p586-587.html},
volume = {9},
year = {1993}
}
@Article{dclone2010,
    title = {dclone: Data Cloning in {R}},
    author = {P\'{e}ter S\'{o}lymos},
    journal = {The R Journal},
    year = {2010, in press},
    volume = {2},
    number = {2},
    pages = {29--37},
    url = {http://journal.r-project.org/},
    note = {{R} package version: 1.3-0},
  }
@book{Robert2004,
author = {Robert, Christian and Casella, George},
isbn = {0387212396},
pages = {675},
publisher = {Springer},
title = {{Monte Carlo} Statistical Methods},
url = {http://www.amazon.com/Monte-Statistical-Methods-Springer-Statistics/dp/0387212396},
year = {2004}
}



@book{R:Robert+Casella:2010,
  author = {Christian Robert and George Casella},
  title = {Introducing {Monte Carlo} Methods with {R}},
  publisher = {Springer},
  year = 2010,
  pages = {284},
  isbn = {978-1-4419-1575-7},
  publisherurl = {http://www.springeronline.com/978-1-4419-1575-7},
  abstract = { Computational techniques based on simulation have now
                  become an essential part of the statistician's
                  toolbox. It is thus crucial to provide statisticians
                  with a practical understanding of those methods, and
                  there is no better way to develop intuition and skills
                  for simulation than to use simulation to solve
                  statistical problems.  Introducing Monte Carlo Methods
                  with R covers the main tools used in statistical
                  simulation from a programmer's point of view,
                  explaining the R implementation of each simulation
                  technique and providing the output for better
                  understanding and comparison. While this book
                  constitutes a comprehensive treatment of simulation
                  methods, the theoretical justification of those
                  methods has been considerably reduced, compared with
                  Robert and Casella (2004). Similarly, the more
                  exploratory and less stable solutions are not covered
                  here.  This book does not require a preliminary
                  exposure to the R programming language or to Monte
                  Carlo methods, nor an advanced mathematical
                  background. While many examples are set within a
                  Bayesian framework, advanced expertise in Bayesian
                  statistics is not required. The book covers basic
                  random generation algorithms, Monte Carlo techniques
                  for integration and optimization, convergence
                  diagnoses, Markov chain Monte Carlo methods, including
                  Metropolis-Hastings and Gibbs algorithms, and adaptive
                  algorithms. All chapters include exercises and all R
                  programs are available as an R package called
                  mcsm. The book appeals to anyone with a practical
                  interest in simulation methods but no previous
                  exposure. It is meant to be useful for students and
                  practitioners in areas such as statistics, signal
                  processing, communications engineering, control
                  theory, econometrics, finance and more. The
                  programming parts are introduced progressively to be
                  accessible to any reader.},
  orderinfo = {springer.txt}
}

@article{Rue2009,
author = {Rue, H\aa vard and Martino, Sara and Chopin, Nicolas},
doi = {10.1111/j.1467-9868.2008.00700.x},
issn = {13697412},
journal = {Journal of the Royal Statistical Society: Series B (Statistical Methodology)},
month = apr,
number = {2},
pages = {319--392},
title = {{Approximate Bayesian inference for latent Gaussian models by using integrated nested Laplace approximations}},
url = {http://doi.wiley.com/10.1111/j.1467-9868.2008.00700.x},
volume = {71},
year = {2009}
}

@article{Ponciano2009,
abstract = {Hierarchical statistical models are increasingly being used to describe complex ecological processes. The data cloning (DC) method is a new general technique that uses Markov chain Monte Carlo (MCMC) algorithms to compute maximum likelihood (ML) estimates along with their asymptotic variance estimates for hierarchical models. Despite its generality, the method has two inferential limitations. First, it only provides Wald-type confidence intervals, known to be inaccurate in small samples. Second, it only yields ML parameter estimates, but not the maximized likelihood values used for profile likelihood intervals, likelihood ratio hypothesis tests, and information-theoretic model selection. Here we describe how to overcome these inferential limitations with a computationally efficient method for calculating likelihood ratios via data cloning. The ability to calculate likelihood ratios allows one to do hypothesis tests, construct accurate confidence intervals and undertake information-based model selection wi...},
author = {Ponciano, Jos\'{e} Miguel and Taper, Mark L. and Dennis, Brian and Lele, Subhash R.},
doi = {10.1890/08-0967.1},
issn = {0012-9658},
journal = {Ecology},
keywords = {AIC,Bayesian statistics,Markov chain Monte Carlo,data cloning,frequentist statistics,hierarchical models,likelihood ratio,maximum likelihood,model selection,profile likelihood,state–space models,stochastic population models},
language = {EN},
month = feb,
number = {2},
pages = {356--362},
publisher = {Ecological Society of America},
title = {{Hierarchical models in ecology: confidence intervals, hypothesis testing, and model selection using data cloning}},
url = {http://www.esajournals.org/doi/abs/10.1890/08-0967.1},
volume = {90},
year = {2009}
}

@MISC{Plummer03jags:a,
    author = {Martyn Plummer},
    title = {JAGS: A program for analysis of Bayesian graphical models using Gibbs sampling},
    year = {2003}
}

@Booklet{gauss+clarice:2011,
	title = {Modelos Lineares Generalizados e Extensões},
	year = {2011},
	author = {Gauss M. Cordeiro and Clarice G. B. Demétrio}
}

@Booklet{paula:2010,
	title = {Modelos de Regressão com apoio computacional},
	author = {Gilberto A. Paula},
	url = {http://www.ime.usp.br/\~{}giapaula/texto\_2010.pdf},
	year = {2010}
}

@Book{Royal:1997,
  author = 	 {Royall, R.},
  title = 	 {Statistical evidence},
  publisher = 	 {Chapman and Hall},
  OPTaddress = 	 {},
  year = 	 {1997},
}

@Book{West1997,
  author = {M. West and P. J. Harrison},
  title = {Bayesian Forecasting \& Dynamic Models},
  publisher = {Springer Verlag},
  year = {1997},
  edition = {2nd},
  pages = {700},
  url = {http://www.stat.duke.edu/~mw/book.html}
}

@Book{petris2009,
    title = {Dynamic Linear Models with R},
    author = {Giovanni Petris and Sonia Petrone and Patrizia
      Campagnoli},
    year = {2009},
    publisher = {Springer-Verlag, New York},
  }

@Article{kalman1960,
  author = 	 {Kalman, R. E.},
  title = 	 {A new approach to linear filtering and prediction problems},
  journal = 	 {Journal of Basic Engineering},
  year = 	 {1960},
  volume = 	 {82},
  number = 	 {1},
  pages = 	 {35-45},
}

@Article{schweppe1965,
  author = 	 {Schweppe, F. C.},
  title = 	 {Evaluation of likelihood functions for Gaussian signals},
  journal = 	 {IEEE Trans. Info. Theory},
  year = 	 {1965},
  volume = 	 {11},
  pages = 	 {61-70},
}

@Article{dejong1988,
  author = 	 {{De Jong}, P.},
  title = 	 {The likelihood for a state space model},
  journal = 	 {Biometrika},
  year = 	 {1988},
  volume = 	 {75},
  number = 	 {1},
  pages = 	 {165-169},
}

@Article{akaike1978,
  author = 	 {Akaike, H.},
  title = 	 {Covariance matrix computations of the state variable of a stationary Gaussian process},
  journal = 	 {Annals of the Institute of Statistical Mathematics},
  year = 	 {1978},
  volume = 	 {30},
  number = 	 {B},
  pages = 	 {499-504},
}

@Article{harveyp1979,
  author = 	 {Harvey, A. C. and Phillips, G. D. A.},
  title = 	 {Maximum likelihood estimation of regression models with autoregressive-moving average disturbances},
  journal = 	 {Biometrika},
  year = 	 {1979},
  volume = 	 {66},
  number = 	 {1},
  pages = 	 {49-58},
}

@Article{jones1980,
  author = 	 {Jones, R. H.},
  title = 	 {Maximum likelihood fitting of ARMA models to time series with missing observations},
  journal = 	 {Technometrics},
  year = 	 {1980},
  volume = 	 {22},
  number = 	 {3},
  pages = 	 {389-395},
}

@Article{gardnerhp1980,
  author = 	 {Gardner, G and Harvey, A. C. and Phillips, G. D. A.},
  title = 	 {An algorithm for exact maximum likelihood estimation by means of Kalman filtering},
  journal = 	 {Applied Statistics},
  year = 	 {1980},
  volume = 	 {29},
  number = 	 {3},
  pages = 	 {311-322},
}

@Book{harvey1981,
  author = 	 {Harvey, A. C.},
  title = 	 {Time Series Models},
  publisher = 	 {Wiley},
  year = 	 {1981},
}

@Book{campos2007,
  author = 	 {Campos, F. F.},
  title = 	 {Algoritmos Numéricos},
  publisher = 	 {LTC},
  year = 	 {2007},
  edition = 	 {2ed},
}

@Unpublished{alves,
  author = 	 {Alves, Carlos J. S.},
  title = 	 {Análise Numérica},
  note = 	 {Acessado em 2012/29/03},
  annote = 	 {\url{http://www.math.ist.utl.pt/~calves/courses/integra/}}
}

@Book{degroot1970,
  author = 	 {Degroot, M. H.},
  title = 	 {Optimal Statistical Decisions},
  publisher = 	 {Hardcover},
  year = 	 {1970},
}

@Book{gammermanl2006,
  author = 	 {Gammerman, D and Lopes, G. F.},
  title = 	 {Markov chain {Monte Carlo}:
stochastic simulation for Bayesian inference},
  publisher = 	 {Taylor \& Francis},
  year = 	 {2006},
}

@Article{metropolis1953,
  author = 	 {Metropolis, N. and Rosenbluth, A. W. and
Rosenbluth, M. N and Teller, A. H. and Teller, E},
  title = 	 {Equation of State Calculations by Fast Computing Machines},
  journal = 	 {The Journal of Chemical Physics},
  year = 	 {1953},
  volume = 	 {21},
  number = 	 {6},
  pages = 	 {1087-1092},
}


@Article{hastings1970,
  author = 	 {Hastings, W. K.},
  title = 	 {Monte Carlo Sampling Methods Using Markov Chains and Their Applications},
  journal = 	 {Biometrika},
  year = 	 {1970},
  volume = 	 {57},
  number = 	 {1},
  pages = 	 {97-109},
}

@Article{gemangeman1984,
  author = 	 {Geman, S. and Geman, D.},
  title = 	 {Stochastic Relaxation, Gibbs Distributions
and the Bayesian Restoration of Images},
  journal = 	 {IEEE Transactions
on Pattern Analysis and Machine Intelligence},
  year = 	 {1984},
  volume = 	 {6},
  pages = 	 {721-741},
}

@Article{gelfands1990,
  author = 	 {Gelfand, A. E. and Smith, A. F. M.},
  title = 	 {Sampling-Based Approaches to Calculating Marginal Densities},
  journal = 	 {Sampling-Based Approaches to Calculating Marginal Densities},
  year = 	 {1990},
  volume = 	 {85},
  number = 	 {410},
  pages = 	 {398-409},
}

  @Article{mcmcpack,
    title = {{MCMCpack}: Markov Chain Monte Carlo in {R}},
    author = {Andrew D. Martin and Kevin M. Quinn and Jong Hee Park},
    journal = {Journal of Statistical Software},
    year = {2011},
    volume = {42},
    number = {9},
    pages = {22},
    url = {http://www.jstatsoft.org/v42/i09/},
  }

@Article{carterk1994,
  author = 	 {Carter, C. and Kohn, R.},
  title = 	 {On Gibbs sampling for state space model},
  journal = 	 {Biometrika},
  year = 	 {1994},
  volume = 	 {81},
  number = 	 {3},
  pages = 	 {541-553},
}

@Article{fru-sch1994,
  author = 	 {Fr\"uwirth-Schnatter, S.},
  title = 	 {Data augmentation and dynamic linear models},
  journal = 	 {Journal of Time Series Analysis},
  year = 	 {1994},
  volume = 	 {15},
  number = 	 {2},
  pages = 	 {183-202},
}


@Article{shephard1994,
  author = 	 {Shephard, N.},
  title = 	 {Partial Non-Gaussian State Space},
  journal = 	 {Biometrika},
  year = 	 {1994},
  volume = 	 {81},
  number = 	 {1},
  pages = 	 {115-131},
}



@Article{hue2009,
  author = 	 {Rue, H. and Martino S. and Chopin, P.},
  title = 	 {Approximate Bayesian inference for latent Gaussian 
 models by using integrated nested Laplace approximations},
  journal = 	 {Journal of the Royal Statistical Society series B},
  year = 	 {2009},
  volume =	 {71},
  number =       {2},
  pages =	 {319:392}
}

@Article{ruizc2012,
  author = 	 {Ruiz-C\'ardenas, R. and Krainski, E. T. and 
	  Rue, H.},
  title = 	 {Direct fitting of dynamic models using integrated 
	  nested Laplace approximations - INLA},
  journal = 	 {Computational Statistics and Data Analysis},
  year = 	 {2012},
  volume =	 {56},
  number =       {6},
  pages =	 {1808-1828}
}


@Manual{inlapkg,
    title = {INLA: Functions which allow to perform a full Bayesian analysis of
structured (geo-)additive models using Integrated Nested
Laplace Approximaxion},
    author = {Havard Rue and Sara Martino and Finn Lindgren},
    year = {2009},
    note = {R package version 0.0},
  }

@Article{davison:2001,
  author = 	 {Davison, A. C.},
  title = 	 {Biometrika Centenary: Theory and general methodology. Reprinted in Biometrika: One Hundred Years, edited by D. M. Titterington and D. R. Cox., Oxford University Press},
  journal = 	 {Biometrika},
  year = 	 {2001},
  volume =	 {88},
  pages =	 {13-52}
}

@book{R:Fox+Weisberg:2011,
  author = {John Fox and Sanford Weisberg},
  title = {An {R} Companion to Applied Regression},
  edition = {second},
  publisher = {Sage Publications},
  year = 2011,
  address = {Thousand Oaks, CA, USA},
  isbn = {978-1-4129-7514-8},
  url = {http://socserv.socsci.mcmaster.ca/jfox/Books/Companion/index.html},
  abstract = {A companion book to a text or course on applied
                  regression (such as ``Applied Regression Analysis and
                  Generalized Linear Models, Second Edition'' by John
                  Fox or ``Applied Linear Regression, Third edition'' by
                  Sanford Weisberg). It introduces R, and concentrates
                  on how to use linear and generalized-linear models in
                  R while assuming familiarity with the statistical
                  methodology.}
}

@book{R:Dalgaard:2008,
  author = {Peter Dalgaard},
  title = {Introductory Statistics with {R}},
  edition = {2nd},
  year = 2008,
  publisher = {Springer},
  isbn = {978-0-387-79053-4},
  pages = 380,
  url = {http://www.biostat.ku.dk/~pd/ISwR.html},
  publisherurl = {http://www.springer.com/statistics/computational/book/978-0-387-79053-4},
  orderinfo = {springer.txt},
  abstract = {This book provides an elementary-level introduction to
                  R, targeting both non-statistician scientists in
                  various fields and students of statistics. The main
                  mode of presentation is via code examples with liberal
                  commenting of the code and the output, from the
                  computational as well as the statistical viewpoint. A
                  supplementary R package can be downloaded and contains
                  the data sets.  The statistical methodology includes
                  statistical standard distributions, one- and
                  two-sample tests with continuous data, regression
                  analysis, one- and two-way analysis of variance,
                  regression analysis, analysis of tabular data, and
                  sample size calculations. In addition, the last six
                  chapters contain introductions to multiple linear
                  regression analysis, linear models in general,
                  logistic regression, survival analysis, Poisson
                  regression, and nonlinear regression.}
}

@book{R:Venables+Ripley:2002,
  author = {William N. Venables and Brian D. Ripley},
  title = {Modern Applied Statistics with {S}},
  edition = {Fourth},
  publisher = {Springer},
  year = 2002,
  pages = {512},
  address = {New York},
  isbn = {0-387-95457-0},
  url = {http://www.stats.ox.ac.uk/pub/MASS4/},
  publisherurl = {http://www.springeronline.com/sgw/cda/frontpage/0,11855,4-40109-22-1542120-0,00.html},
  abstract = {A highly recommended book on how to do statistical
                  data analysis using R or S-Plus.  In the first
                  chapters it gives an introduction to the S language.
                  Then it covers a wide range of statistical
                  methodology, including linear and generalized linear
                  models, non-linear and smooth regression, tree-based
                  methods, random and mixed effects, exploratory
                  multivariate analysis, classification, survival
                  analysis, time series analysis, spatial statistics,
                  and optimization.  The `on-line complements' available
                  at the books homepage provide updates of the book, as
                  well as further details of technical material. },
  orderinfo = {springer.txt}
}

@Article{reid:2010,
  author = 	 {Nancy Reid},
  title = 	 {Likelihood Inference},
  journal = 	 {WIREs Comp Stat},
  year = 	 {2010},
  volume =	 {2},
  pages =	 {517--525}
}


@book{aitkin:2010,
  author = {Murray Aitkin},
  title = {Statistical Inference. An integrated {B}ayesian Likelihood Approach},
  publisher = {Chapman \& Hall/CRC},
  year = 2010,
  address = {Boca Raton, FL},
}

@book{Rizzo:2008,
  author = {Maria L. Rizzo},
  title = {Statistical Computing with {R}},
  publisher = {Chapman \& Hall/CRC},
  year = 2008,
  address = {Boca Raton, FL},
  isbn = {1-584-88545-9},
  publisherurl = {http://www.crcpress.com/shopping_cart/products/product_detail.asp?sku=C5459},
  abstract = {This book covers the traditional core material of
                  computational statistics, with an emphasis on using
                  the R language via an examples-based approach.
                  Suitable for an introductory course in computational
                  statistics or for self-study, it includes R code for
                  all examples and R notes to help explain the R
                  programming concepts.},
  orderinfo = {crcpress.txt}
}


